<?xml version="1.0" encoding="UTF-8"?><collection xmlns="http://www.loc.gov/MARC21/slim"><record><leader>00526nam--2200169-i-4500</leader><controlfield tag="001">000008966</controlfield><controlfield tag="002">20161230</controlfield><controlfield tag="005">20161230201028</controlfield><controlfield tag="008">060222s1000------------r-----000-0-eng-d</controlfield><datafield ind1=" " ind2=" " tag="040"><subfield code="a">IFIN-HH</subfield></datafield><datafield ind1=" " ind2=" " tag="080"><subfield code="a">535.33:536.7</subfield></datafield><datafield ind1="1" ind2=" " tag="110"><subfield code="a">The Thermodynamics Research Center</subfield></datafield><datafield ind1="1" ind2="0" tag="245"><subfield code="a">Comprehensive index of api 44-trc selected dat a on thermodynamics and spectroscopy</subfield></datafield><datafield ind1=" " ind2=" " tag="260"><subfield code="a">College Station, Texas</subfield><subfield code="b">Thermodynamics Research Center</subfield><subfield code="c">1968</subfield></datafield><datafield ind1=" " ind2=" " tag="300"><subfield code="a">XVII + 506P</subfield></datafield><datafield ind1=" " ind2=" " tag="852"><subfield code="a">31277</subfield><subfield code="c">53.081</subfield></datafield><datafield ind1=" " ind2=" " tag="CAT"><subfield code="a">Sys</subfield><subfield code="c">20160329</subfield><subfield code="h">144550</subfield></datafield></record></collection>